<?xml version="1.0" encoding="UTF-8"?><collection xmlns="http://www.loc.gov/MARC21/slim"><record><leader>00398nam--2200133-i-4500</leader><controlfield tag="001">000020036</controlfield><controlfield tag="002">20161230</controlfield><controlfield tag="005">20161230201033</controlfield><controlfield tag="008">060222s1000------------r-----000-0-eng-d</controlfield><datafield ind1=" " ind2=" " tag="080"><subfield code="a">681.324:519.872.8</subfield></datafield><datafield ind1=" " ind2=" " tag="100"><subfield code="a">Hockney, Roger W. And Eastwood, James W</subfield></datafield><datafield ind1=" " ind2=" " tag="245"><subfield code="a">Computer simulation using particles</subfield></datafield><datafield ind1=" " ind2=" " tag="260"><subfield code="a">New York, Mcgraw-hill International Book Company, 1981.  Xix + 540 P</subfield></datafield><datafield ind1=" " ind2=" " tag="852"><subfield code="a">70149</subfield></datafield></record></collection>